<record><leader>00000cas a22000007a 4500</leader><controlfield tag="001">34057860</controlfield><controlfield tag="008">960119d19321936okuwr n       0    0eng d</controlfield><datafield ind1=" " ind2=" " tag="010"><subfield code="a">sn 95076421 </subfield></datafield><datafield ind1=" " ind2=" " tag="040"><subfield code="a">OBN</subfield><subfield code="b">eng</subfield><subfield code="c">OBN</subfield><subfield code="d">OCLCQ</subfield><subfield code="d">OCLCF</subfield><subfield code="d">OCLCO</subfield></datafield><datafield ind1="1" ind2=" " tag="029"><subfield code="a">AU@</subfield><subfield code="b">000025860408</subfield></datafield><datafield ind1=" " ind2=" " tag="042"><subfield code="a">msc</subfield></datafield><datafield ind1=" " ind2=" " tag="043"><subfield code="a">n-us-ok</subfield></datafield><datafield ind1="0" ind2=" " tag="130"><subfield code="a">Capitol Hill news (Oklahoma City, Okla. : 1932)</subfield></datafield><datafield ind1="1" ind2="4" tag="245"><subfield code="a">The Capitol Hill news.</subfield></datafield><datafield ind1=" " ind2=" " tag="260"><subfield code="a">Oklahoma City [Okla.] :</subfield><subfield code="b">Amos Wilson</subfield></datafield><datafield ind1=" " ind2=" " tag="300"><subfield code="a">v.</subfield></datafield><datafield ind1=" " ind2=" " tag="310"><subfield code="a">Weekly</subfield></datafield><datafield ind1="0" ind2=" " tag="362"><subfield code="a">-v. 31, no. 22 (May 29, 1936).</subfield></datafield><datafield ind1=" " ind2=" " tag="515"><subfield code="a">Irregular volume numbers.</subfield></datafield><datafield ind1=" " ind2=" " tag="588"><subfield code="a">Description based on: Vol. 1, no. 5 (Apr. 22, 1932).</subfield></datafield><datafield ind1=" " ind2="0" tag="651"><subfield code="a">Oklahoma City (Okla.)</subfield><subfield code="v">Newspapers.</subfield></datafield><datafield ind1=" " ind2="0" tag="651"><subfield code="a">Oklahoma County (Okla.)</subfield><subfield code="v">Newspapers.</subfield></datafield><datafield ind1=" " ind2="7" tag="655"><subfield code="a">Newspapers.</subfield><subfield code="2">fast</subfield><subfield code="0">(OCoLC)fst01423814</subfield></datafield><datafield ind1=" " ind2="7" tag="651"><subfield code="a">Oklahoma</subfield><subfield code="z">Oklahoma City.</subfield><subfield code="2">fast</subfield><subfield code="0">(OCoLC)fst01204376</subfield></datafield><datafield ind1=" " ind2="7" tag="651"><subfield code="a">Oklahoma</subfield><subfield code="z">Oklahoma County.</subfield><subfield code="2">fast</subfield><subfield code="0">(OCoLC)fst01210430</subfield></datafield><datafield ind1=" " ind2=" " tag="752"><subfield code="a">United States</subfield><subfield code="b">Oklahoma</subfield><subfield code="c">Oklahoma</subfield><subfield code="d">Oklahoma City.</subfield></datafield><datafield ind1="0" ind2="0" tag="785"><subfield code="t">Oiltown news</subfield><subfield code="w">(DLC)sn 95076422</subfield><subfield code="w">(OCoLC)34057910</subfield></datafield></record>